2700 3875
422 312 548 377 ΧΠ

425 470 497 531 in
531 466 601 531 Τ.
655 470 723 531 1⁰
784 464 1042 548 synodi
1084 466 1256 551 Epit.
1304 484 1373 551 p.
1407 464 1508 530 86.
1533 497 1618 515 --
1651 438 1796 550 Ego
1837 466 2065 551 potius
2103 467 2383 554 vitupe-

422 589 568 653 ravi
602 584 813 652 hasce
840 600 1195 679 auotorutn
1239 585 1782 665 delitescentia-ts,
1846 600 1912 651 et
1957 606 2216 653 novum
2257 592 2400 653 Ur-

425 732 462 774 c
482 730 517 773 e
540 709 662 773 oli
694 712 1064 776 terminum
1100 710 1360 786 creavi,
1422 730 1630 795 quem
1667 710 1872 773 etiam
1903 708 2163 794 ubique
2203 708 2398 773 adhi-

421 830 579 911 bui,·
616 844 689 894 et
709 832 766 895 si
806 832 878 894 in
906 830 1217 917 diagnosi
1253 829 1524 896 alterius
1561 830 1913 916 cujusdam
1953 832 2124 899 alius
2158 822 2397 897 termi-

420 974 549 1017 nus
585 952 784 1038 hujus
818 951 973 1017 loco
1023 951 1364 1027 adhibitus
1413 952 1580 1029 fuit,
1638 972 1909 1037 semper
1968 973 2097 1038 per
2144 972 2396 1042 paren-

420 1074 669 1137 thesim
704 1094 936 1139 meum
964 1074 1337 1138 terminum
1367 1044 1713 1158 subjunxi.

601 1194 1010 1280 Subspecies
1045 1207 1112 1257 et
1138 1194 1500 1259 varietates
1530 1213 1672 1257 non
1707 1214 1980 1280 semper
2032 1195 2395 1279 consignat-

417 1317 487 1381 vi
518 1318 589 1378 in
618 1312 848 1378 tabula
880 1315 1140 1401 speciei
1171 1313 1608 1401 principalis.-
1651 1314 1787 1377 Sed
1824 1317 1957 1378 hoo
1993 1334 2083 1378 ex
2134 1314 2396 1401 duplici

424 1456 626 1501 causa
662 1436 811 1499 fieri
844 1456 986 1499 non
1026 1436 1269 1521 potuit,
1322 1456 1450 1501 imo
1483 1435 1646 1521 quia
1671 1436 1966 1522 spatium
1999 1456 2201 1522 saepe
2251 1454 2396 1509 non

421 1556 795 1633 consessit,
880 1570 945 1621 et
996 1556 1111 1621 2d0
1163 1557 1324 1642 quia
1375 1557 1448 1619 iu
1511 1554 1813 1621 futurum
1876 1554 2414 1653 verosimillime-

422 1677 655 1763 plures
693 1675 917 1741 adhuc
949 1650 1351 1741 inserendae
1381 1678 1680 1757 venient,
1714 1698 1888 1763 quae
1925 1677 2088 1745 dein
2122 1678 2196 1741 in
2227 1698 2395 1743 oon-

423 1798 805 1882 signatione
866 1797 1275 1876 deficerent3
1334 1818 1497 1863 eum
1523 1798 1774 1882 'itaque
1807 1796 1997 1863 nulla
2031 1797 2182 1865 talis
2229 1818 2401 1865 oon·—

420 1896 706 2004 sign'atio
737 1907 865 2004 pro
901 1918 1244 2006 completa
1277 1918 1518 1984 haberi
1557 1933 1820 2006 posset,
1883 1921 2221 2005 optimum
2260 1941 2392 2005 pu-

400 2041 572 2119 tavi,
619 2041 676 2104 si
704 2037 892 2105 illam
921 2042 1193 2128 penitus
1232 2042 1644 2120 omitterem,
1703 2040 1816 2106 vel
1849 2053 2114 2107 tantum
2165 2039 2396 2104 obiter

413 2175 797 2228 tractarem.
2182 2135 2201 2144 ’

578 2283 889 2368 Epitome
948 2281 1362 2348 insufficiens
1410 2283 1696 2349 dieitur:
1761 2277 1926 2368 ergo‘
1951 2282 2193 2354 saltem
2236 2301 2380 2346 non

406 2407 1025 2487 supervacaneum!
1068 2407 1334 2469 Revera
1363 2402 1553 2470 volui
1577 2403 1777 2489 plura
1814 2404 2140 2482 inserere,
2182 2421 2386 2489 prae-

407 2521 642 2588 sertim
664 2525 1038 2609 synopsim
1084 2524 1209 2589 sed
1224 2511 1485 2611 duplex
1501 2525 1750 2590 iterum
1781 2524 2237 2591 consideratio
2267 2544 2381 2600 me

411 2645 723 2724 detinuit,
775 2648 861 2728 ι.)
900 2647 1214 2732 spatium,
1247 2667 1336 2710 ne
1375 2645 1850 2732 Prolegomina
1881 2645 2061 2710 ultra
2096 2643 2382 2716 modum

412 2780 935 2852 extravagarent
952 2813 975 2844 ‚
1040 2779 1107 2830 et
1172 2773 1261 2850 2.)
1318 2767 1643 2831 inutilitas
1691 2765 1945 2831 laboris
1991 2765 2379 2843 frustratu,

405 2856 564 2952 euin
614 2900 772 2973 post
842 2886 1103 2974 aliquot
1154 2909 1367 2985 annqs
1423 2888 1578 2953 talis
1631 2887 1956 2974 synopsis
2005 2907 2270 2959 manea·
2304 2892 2382 2950 'et

402 3009 598 3093 operi
649 3009 779 3093 ipsi
821 3029 966 3072 uon
1013 3009 1440 3096 respondens
1505 3008 1679 3087 dici,
1766 3023 1833 3074 et
1885 3008 2164 3073 tandem
2227 3009 2378 3092 ipse

400 3145 623 3194 nexus
659 3149 698 3192 a
732 3151 843 3194 me
878 3132 1267 3217 propositus
1300 3130 1633 3196 industria
1679 3130 2200 3196 observatorum
2243 3147 2374 3212 po-

402 3251 767 3315 steriorum
800 3251 1049 3318 iterum
1082 3252 1313 3318 dirimi
1338 3253 1672 3342 aliterque
1707 3231 2032 3340 eompoui
2066 3247 2374 3354 deberet.

396 3373 761 3455 nationes,
790 3381 797 3388 ’
825 3393 1035 3462 quare
1084 3373 1548 3448 'excludantur
1606 3372 2192 3466 sanguisorba-ane
2243 3383 2371 3442 etc.
