2700 3875
221 345 498 408 GEUM
545 343 823 408 rivale
864 345 1330 408 luxurians.
1382 347 1449 406 T.

210 531 654 620 Distinguitur
706 533 980 597 floribus
1033 534 1314 611 erectiS‚
1388 533 1667 618 patum,
1732 536 2164 622 semiplenis;
2239 608 2248 617 ,

292 637 882 722 calycecorollam
939 656 1138 721 saepe
1186 635 1474 700 multum
1534 636 1935 718 excedente,
1984 641 2165 728 ejus-

292 743 453 806 dem
487 741 772 818 laciniis,
815 738 1194 824 petalisque
1221 760 1507 804 numero
1558 740 1941 807 indefiniti&
1987 748 2059 808 T.

399 927 596 980 Planta
621 925 726 996 jam
777 925 938 978 Conr.
987 925 1259 978 Gessnero
1302 935 1357 979 et
1406 925 1594 980 Clusio
1652 929 1895 997 cognita,
1936 934 1991 982 et
2031 951 2059 982 a
2100 930 2157 983 b.

211 1015 497 1098 Wulsenio
523 1017 580 1066 in
607 1015 879 1085 Jacquinii
895 1014 1256 1067 Miscellaneis
1289 1015 1355 1067 Τ.
1387 1017 1458 1074 ΙΙ,
1487 1037 1541 1088 p.
1570 1019 1656 1073 33,
1690 1025 1745 1068 et
1769 1035 1881 1089 seq.
1914 1017 2159 1091 descrip-

208 1114 262 1158 ta
287 1107 426 1158 etin
458 1103 536 1156 ill.
565 1104 622 1159 b.
659 1103 929 1174 Jacquinii
965 1105 1115 1162 loon.
1147 1103 1222 1174 pl.
1273 1122 1373 1155 rar.
1411 1103 1476 1157 T.
1520 1106 1564 1158 1.
1617 1103 1728 1156 tab.
1774 1114 1860 1178 94,
1906 1105 2161 1177 depicta,

207 1213 236 1247 a
264 1191 520 1266 pluribus
551 1190 679 1244 olim
711 1193 929 1244 nomine
963 1191 1031 1244 G.
1063 1188 1279 1262 hybridi
1308 1211 1407 1263 pro
1438 1193 1621 1264 specie
1660 1192 1945 1264 divulgata,
1979 1213 2160 1247 revera

207 1301 272 1334 ne
299 1281 526 1354 quidem
569 1283 810 1342 varietas,
850 1277 948 1332 ae‘d
987 1297 1130 1330 mera
1157 1282 1533 1333 monstrositas
1576 1280 1688 1332 dici
1730 1290 1979 1333 meretur.
2032 1283 2159 1352 lpse

211 1371 334 1422 olim
407 1378 762 1440 spontaneam
832 1369 890 1421 iu
948 1369 1256 1421 nemorosis·
1303 1367 1539 1420 humidis
1600 1368 1900 1442 suhalpinis
1956 1373 2157 1423 montis

207 1457 552 1528 Schneeberg
578 1459 633 1510 in
652 1457 860 1510 Austris
894 1457 1212 1516 inveneram,
1241 1477 1377 1529 qnae
1411 1457 1605 1510 deinde
1624 1459 1680 1509 in
1694 1456 1965 1513 hortulum
1984 1468 2160 1511 trans·

203 1547 302 1600 lata
329 1545 498 1600 simul
527 1546 686 1598 flores
717 1546 786 1599 G.
818 1545 995 1598 rivalis
1028 1543 1290 1598 normales
1325 1545 1524 1598 tulerat
1562 1546 1801 1618 aliosque
1828 1545 2157 1602 luxuriantes

203 1633 573 1708 magnitudine
601 1635 939 1706 partiumque
969 1653 1222 1696 numero,
1271 1636 1381 1686 imo
1432 1653 1597 1686 unum
1648 1654 1677 1686 e
1718 1643 1903 1686 centro
1946 1634 2155 1708 prolifi-

203 1734 432 1788 cantem‚
467 1721 618 1790 cuius
651 1722 750 1775 ssos
779 1721 1127 1776 secundarius
1157 1724 1373 1793 penitus
1404 1722 1471 1776 G.
1520 1721 1697 1775 rivalis
1740 1724 1996 1776 normalis
2024 1733 2154 1777 erat.

201 1813 387 1866 Planta
419 1810 554 1863 haec
583 1811 792 1881 elegans
826 1821 880 1862 et
912 1810 1178 1880 paradoxa
1219 1830 1433 1882 semper
1480 1812 1845 1863 curiositatem
1899 1812 2154 1867 observa-

197 1909 374 1954 torum
401 1885 732 1960 exstimulat,
765 1891 821 1953 ἐὶ
847 1900 902 1951 iu
926 1897 1100 1952 hortis
1131 1897 1239 1951 cdli
1269 1908 1518 1952 meretur.
1566 1901 1787 1953 Interim
1823 1901 2040 1953 minime
2072 1911 2156 1954 est

197 1990 377 2061 planta
408 1985 790 2055 hybrida‚*sed
824 2008 968 2046 mera
998 1990 1371 2041 monstrositas
1410 1989 1721 2062 semiplena,
1758 1990 1816 2041 in
1862 1988 1979 2041 solo
2027 1991 2153 2061 pin-

197 2081 282 2147 gui
327 2087 386 2131 et
424 2076 648 2129 humido
691 2076 793 2129 sub
843 2076 1029 2129 umbra
1071 2078 1333 2129 montium
1382 2076 1739 2149 arborumque
1783 2096 1811 2127 e
1854 2077 2152 2130 seminibus
2248 2096 2257 2105 ·

196 2165 261 2220 G.
279 2166 480 2223 'rivalis
511 2173 658 2226 nata,
689 2166 837 2238 quod
868 2166 1233 2238 experimento
1262 2176 1473 2217 narrato
1510 2164 1926 2217 demonstratur.
1961 2166 2076 2218 Imo
2094 2174 2151 2217 et
2206 2204 2211 2207 -

192 2254 291 2307 alia
323 2255 629 2327 specimina
656 2252 726 2307 G.
755 2255 934 2308 rivalis
963 2254 1198 2325 vulgaria
1226 2256 1282 2306 in
1309 2242 1591 2310 hortulum.
1608 2254 1887 2327 proprium
1918 2255 2148 2306 transla-

193 2351 244 2394 ta
271 2352 328 2396 et
358 2344 479 2414 pari
519 2342 724 2395 cautela
755 2342 901 2395 culta
943 2340 1312 2415 produxerunt
1358 2342 1518 2396 ssores
1562 2343 1633 2399 G.
1679 2342 1997 2395 luxuriantis
2048 2359 2145 2393 seu

188 2432 264 2485 sic
295 2431 438 2486 dicti
472 2430 541 2486 G.
574 2429 808 2503 hybridi.
845 2432 914 2485 T.

269 3418 414 3471 εει.
987 3408 1051 3469 S.
1098 3406 1210 3466 111.
1261 3400 1356 3465 16.
