2700 3875
311 275 661 339 RUBUS
706 273 1118 340 Enslenii.
1171 279 1237 338 T.
1349 347 1356 354 ,

282 469 366 529 R.
416 461 629 527 ceule
660 461 923 544 gracili,
969 475 1410 538 sarment050‚
1454 461 1971 546 procumbente,
2016 467 2257 542 tereti,

373 562 859 641 subaculeato,
904 563 1179 649 glabr03
1224 565 1404 632 foliis
1435 568 1752 642 ternatis,
1795 564 2046 630 foliolis
2085 567 2260 630 inci-

336 665 965 752 ¹so-inaequaliter
1024 668 1308 731 dentatis
1329 669 1353 745 ‚‘
1397 670 1777 746 serratisve,
1811 671 2064 744 acutis,
2112 669 2261 733 basi

377 771 786 855 angustatis..
832 769 1339 856 glabriusculis‚
1391 769 1665 846 ciliatis,
1715 771 2004 836 'floribus
2053 770 2260 856 longe

373 871 898 958 pedunculati8‚
947 872 1298 950 solitariis,
1342 871 1586 957 petalis
1628 875 1964 958 angustis,
2011 874 2262 958 ellipti-

374 978 495 1054 ciS‚
540 974 1017 1059 unguiculatis.
1064 980 1134 1039 T.

488 1163 740 1238 Stipulne
770 1164 1068 1229 subillatae,
1106 1163 1486 1238 pubescentes,
1523 1165 1808 1226 carinatne,
1845 1165 2082 1237 margine
2111 1165 2264 1236 glan-

278 1252 486 1308 dnlcso
507 1283 533 1294 -
550 1253 932 1308 denticulatae.
974 1254 1173 1307 Petioli
1200 1263 1254 1306 et
1279 1251 1574 1326 pedunculi
1602 1250 1963 1326 pubescentes
1992 1263 2048 1306 et
2073 1273 2261 1326 sparse
2309 1302 2316 1311 ‚

280 1341 541 1405 aculeati,
570 1342 770 1396 aculeis
804 1341 1113 1413 gracillimis
1146 1344 1398 1398 recurvis.
1438 1341 1604 1397 Nervi
1631 1341 1870 1395 dorsales
1899 1343 2113 1414 saepius
2141 1326 2274 1394 basi.

276 1430 537 1493 aculeati,
573 1441 629 1482 et
646 1423 827 1486 eostaie
844 1433 1043 1503 passim
1061 1431 1253 1484 subtus
1270 1430 1507 1486 villosae.
1548 1429 1752 1482 Foliola
1770 1429 2028 1503 quaedam
2045 1429 2256 1502 simpli-

280 1521 388 1580 cia,
429 1517 648 1570 triloba.
684 1520 902 1572 Cor-olla
942 1519 1125 1590 calyce
1172 1519 1342 1591 duplo
1391 1518 1576 1589 major,
1606 1517 1744 1571 alba.
1779 1519 1992 1590 Calyeis
2031 1520 2263 1573 laciniae

232 1629 241 1641 ·
282 1607 568 1680 ellipticae
605 1615 757 1660 extus
801 1607 1184 1681 pubescentes,
1217 1610 1365 1660 intus
1408 1616 1767 1677 'tomentosaq
1801 1610 1953 1680 apice
1990 1609 2097 1680 jam
2137 1617 2286 1666 anto.

284 1696 674 1774 expansionem
706 1694 1060 1769 sphacelatae.

488 1783 627 1838 Hah.
657 1784 715 1836 in
744 1777 985 1837 Ameri'ca
1016 1783 1444 1858 septentrionali.
1471 1777 1569 1846 ἶς’.
1599 1784 1729 1838 Vidi
1758 1785 1814 1836 in
1843 1784 2065 1838 Musaeo
2102 1785 2262 1842 Caes.

284 1875 423 1945 Reg.
457 1873 515 1924 in
546 1872 794 1945 herbario
828 1872 893 1926 ab
926 1873 1181 1928 Enslenio
1210 1873 1355 1928 lecto
1383 1873 1486 1926 sub
1514 1874 1729 1926 nomine
1768 1875 1830 1924 R.
1875 1875 2096 1926 trivialis
2139 1874 2263 1945 (ad-

285 1962 413 2015 dito
446 1964 601 2032 signo
628 1962 1137 2035 ·interrogatiouis):
1176 1963 1272 2016 sed
1317 1963 1502 2016 differt
1544 1982 1573 2015 a
1615 1960 1908 2016 Michauxii
1954 1966 2015 2015 R.
2060 1963 2263 2017 triviali

281 2050 497 2105 foliolis
529 2051 863 2115 acuminatis,
892 2051 1241 2123 inaequaliter
1270 2051 1523 2114 dentatis,
1571 2051 1795 2125 petiolis
1824 2050 2258 2124 pedunculisque

282 2138 515 2192 minime
546 2136 1133 2212 hispidis,‚petalisque
1176 2138 1440 2209 oblongis,
1473 2142 1691 2193 minime
1737 2139 2069 2191 orbiculatis.
2109 2142 2151 2191 A
2191 2141 2258 2191 R.

281 2226 515 2299 hispido
552 2226 709 2278 Linn.
748 2226 949 2287 differt,
987 2231 1117 2280 setis
1146 2230 1364 2300 penitus
1412 2226 1811 2289 deficientibuS,
1848 2226 2072 2282 floribus
2115 2245 2260 2278 sem-

283 2333 394 2388 per
424 2312 713 2375 solitariis,
767 2315 1065 2389 petalisque
1109 2315 1366 2388 ellipticis
1408 2316 1673 2387 oblongis·
1713 2318 1832 2369 Huc
1863 2318 2005 2368 sorte
2035 2316 2261 2385 respicit

284 2404 621 2473 synonimon
673 2405 732 2455 R.
766 2402 1047 2473 flagellaris
1079 2404 1279 2457 Willd.
1310 2406 1500 2457 Enum.
1532 2407 1576 2456 l.
1606 2412 1726 2477 549.
1761 2403 1907 2476 quod
1940 2405 2003 2460 C.
2052 2404 2261 2475 Spren-

282 2491 381 2561 gel
410 2490 480 2541 ad
511 2484 579 2541 R]
604 2488 879 2563 hispidum
914 2490 1173 2563 allegavit.
1212 2493 1257 2543 E
1287 2496 1552 2546 contrario
1582 2493 1754 2547 Pursh
1785 2494 1842 2544 in
1861 2492 1938 2544 Fl.
1965 2494 2081 2546 Am.
2114 2501 2254 2563 sept.

280 2580 334 2631 I.
368 2586 493 2647 547.
527 2578 631 2629 suh
666 2581 721 2634 R.
755 2579 1007 2651 flagellari
1045 2580 1257 2633 Rubum
1284 2582 1542 2635 trivialem
1591 2581 1886 2635 Micliauxii
1929 2580 2262 2633 intellexisse

278 2666 529 2728 videtur,
568 2685 691 2718 cum
722 2666 887 2719 dicit:
947 2670 1154 2740 „petnls
1187 2688 1334 2722 more
1366 2671 1636 2723 orbiculat·
1665 2670 1790 2721 than
1823 2689 1914 2721 no.
1934 2672 1998 2749 ΙΒ.
2039 2670 2126 2735 (R.
2156 2671 2259 2720 tri-

276 2757 419 2811 viali
449 2756 611 2821 suo)“
655 2756 812 2807 Certe
843 2758 904 2812 R.
933 2757 1215 2828 flagellaris
1247 2769 1328 2810 est
1358 2779 1558 2811 merum
1600 2758 1963 2827 Synonimonz
2020 2757 2118 2809 sed
2161 2776 2260 2808 cu·

273 2845 503 2916 jusnam
554 2845 789 2914 speciei,
840 2863 905 2896 an
948 2848 1006 2902 R.
1053 2845 1285 2917 hispidi,
1324 2866 1387 2899 an
1425 2850 1484 2905 R.
1517 2848 1758 2907 trivialis,
1799 2864 1864 2898 an
1891 2845 2259 2901 R-Enslenii't'

278 2914 625 2987 discernant?
645 2930 762 2982 alii!
800 2932 911 3003 Ego
943 2934 1153 2985 interim
1188 2935 1344 3005 posui
1379 2936 1444 2987 ad
1479 2938 1542 2993 R.
1580 2934 1876 3005 hispidum.

494 3020 629 3072 Dixi
666 3021 721 3070 in
768 3026 1071 3074 memoriam
1110 3024 1441 3075 meritissimi
1483 3024 1686 3079 Enslen
1714 3022 1984 3081 hortulani
2025 3026 2260 3080 caesarei

275 3095 604 3165 Americam
631 3108 781 3161 missi
812 3119 863 3163 et
892 3114 946 3165 in
978 3112 1170 3164 itinere
1205 3111 1464 3165 defuncti.
1514 3115 1578 3167 Τ.

360 3338 474 3406 65.
1154 3346 1217 3407 S.
1264 3348 1378 3409 111.
1423 3344 1483 3410 8.

540 3415 549 3449 Ι
586 3438 593 3444 .
