2700 3875
175 311 465 376 GEUM
509 308 835 372 nictans.
879 309 1085 370 Poir.

176 501 250 561 G.
295 496 572 572 floribus
622 479 1038 574 nutantibus,
1079 477 1318 579 'petalis
1377 491 1842 576 emarginatis,
1889 487 2119 570 calyce

251 599 663 684 majoribus.,
726 599 945 664 aristis
999 619 1234 666 versus
1294 597 1561 682 apicem
1606 594 1827 659 nudis·
1881 597 1981 660 De
2024 595 2119 656 La

242 706 459 769 Mark.
517 719 526 726 ·

173 831 380 891 Geum
426 840 694 892 nutans·
736 839 922 892 Poiret
957 836 1182 910 Encycl.
1225 836 1421 925 Suppl.
1451 837 1497 894 1.
1524 836 1643 909 617.
1681 839 1929 896 Desfont.
1965 834 2117 890 sard.

229 927 312 982 ed.
343 945 397 987 s.
422 951 478 1003 p.
507 939 628 992 204.

171 1039 678 1125 Caryophyllata
718 1050 982 1103 nutans.
1025 1021 1110 1104 De
1139 1049 1194 1103 la
1219 1049 1297 1106 M.
1321 1051 1455 1104 Euo.
1486 1049 1531 1102 1‘.
1562 1025 1685 1124 59‘9.

167 1164 676 1250 Caryophyllata
718 1154 1073 1243 montana,
1135 1166 1298 1226 flore
1342 1161 1529 1226 luteo
1572 1174 1872 1229 nutant&
1931 1177 2110 1229 Tour-

218 1269 320 1320 nef.
351 1271 477 1340 295.

342 1437 658 1492 Admodum
690 1439 868 1493 affinis
889 1438 960 1495 G.
995 1439 1166 1503 rivali,
1203 1448 1258 1492 et
1289 1439 1430 1492 forte
1472 1457 1614 1492 mera
1656 1436 1896 1508 ejusdem
1934 1436 2104 1494 varie-

167 1533 257 1583 tas.
308 1527 526 1580 Interea
553 1527 735 1601 planta
762 1527 949 1597 major,
988 1527 1281 1599 elegantior
1311 1536 1367 1580 et
1406 1525 1801 1582 characteribus
1839 1527 2104 1600 expressis

164 1622 427 1674 constans.
466 1615 539 1669 ni
573 1617 878 1670 consistunt
907 1624 962 1668 et
1005 1616 1072 1668 ab
1112 1615 1210 1669 ino
1254 1615 1513 1669 differunt
1552 1616 1747 1689 petalis
1788 1614 2102 1670 obcordatis

163 1703 330 1774 calyce
360 1723 578 1777 semper
602 1704 912 1776 majoribus,
949 1712 1004 1756 et
1029 1707 1084 1757 in
1101 1705 1278 1759 aristis
1308 1723 1493 1759 versus
1522 1707 1729 1776 apicem
1752 1704 1930 1768 nudis,
1959 1722 2096 1758 nun·

161 1809 300 1862 quam
327 1795 614 1866 plumcsis.
651 1796 694 1846 A
722 1792 1040 1865 longissimo
1073 1793 1176 1862 jam
1215 1800 1461 1866 tempore
1487 1793 1684 1847 colitur
1710 1795 1767 1847 in
1808 1793 1968 1847 horto
2012 1812 2099 1846 re·

156 1881 231 1948 gio
260 1883 562 1953 parisiensi.
607 1881 672 1934 In
699 1901 858 1937 usum
905 1883 1352 1937 ornamentarium
1390 1881 1688 1937 hortulanis
1736 1880 2098 1937 commendari

155 1980 373 2025 meretur
401 1970 474 2024 ob
502 1970 818 2041 elegantiam
855 1971 1046 2027 florum
1074 1971 1362 2038 luteorum,
1399 1982 1455 2027 et
1470 1972 1789 2026 densitatem
1812 1974 2093 2045 cespitum.

151 2055 223 2109 De
253 2058 303 2112 la
331 2060 506 2115 Mark.
1071 2122 1076 2127 ,

331 2150 418 2201 An
445 2149 586 2202 forte
617 2146 802 2204 eadem
830 2157 913 2204 est
952 2150 1162 2222 species
1204 2168 1266 2205 ac
1302 2131 1685 2210 Willdenowii
1725 2149 1794 2202 G.
1837 2151 2090 2202 interme·

157 2230 321 2305 dium3
353 2238 644 2310 progenies
678 2236 747 2291 G.
782 2237 960 2292 rivalis
991 2240 1156 2293 semel
1183 2241 1241 2293 in
1266 2238 1438 2293 hortis
1481 2248 1668 2302 enata,
1716 2255 1821 2292 nec
1859 2237 2088 2309 amplius

154 2326 500 2391 regenerans?
569 2324 773 2379 Saltem
812 2326 1119 2381 verosimile
1162 2336 1276 2391 est,
1323 2326 1769 2383 Willdenowium
1811 2326 2087 2398 accepisse

153 2408 376 2479 plantam
424 2422 572 2467 suam
623 2434 652 2465 e
695 2414 902 2469 Gallia!
953 2417 1035 2469 An
1074 2415 1564 2477 G,‘intermedium
1608 2414 1849 2469 Fischer-i
1888 2418 1960 2485 (v.
2005 2412 2084 2483 Ej.

151 2496 263 2553 Rev.
303 2498 380 2554 du
421 2520 539 2573 gen.
585 2502 760 2556 Geum
804 2523 890 2562 no.
944 2506 1054 2575 4.),
1114 2505 1262 2578 quod
1291 2507 1370 2575 ita
1400 2502 1608 2563 difinitz
1646 2502 1847 2571 „Foliis
1883 2502 2086 2573 lyr-ato-

149 2587 385 2654 pinnatis,
421 2592 860 2657 inciso-serratis,
900 2592 1133 2649 breviter
1164 2594 1479 2647 acuminatis
1499 2630 1515 2655 ,
1560 2591 1763 2645 foliolis
1813 2582 2085 2645 cuneifor-

147 2674 326 2741 nibus,
363 2677 1010 2751 oblongo-subrotundis,
1043 2681 1269 2735 caulinis
1305 2680 1668 2750 subternatis,
1717 2678 1936 2752 stipulis
1982 2678 2082 2732 ob-

147 2758 692 2835 longo-subrutundis,
725 2768 1228 2849 laciniam-incisis,
1267 2769 1492 2825 {loribus
1537 2768 1870 2823 suberectis“
1921 2766 2081 2839 hujus

142 2846 238 2905 loci
274 2857 404 2915 est?
447 2858 514 2916 T.

219 3370 344 3436 123.
617 3408 628 3417 ·
928 3375 990 3435 S.
1037 3374 1150 3435 III.
1203 3370 1298 3433 16.
