2700 3875
2099 353 2260 421 XIII
2387 388 2394 399 ·

272 504 618 593 patebunt
662 521 754 567 ex
788 502 1300 587 comparatione
1334 500 1842 585 schedularum,
1883 507 1958 571 in
2009 509 2260 595 quibus

264 628 495 693 serius
524 627 695 691 istae
724 622 1025 687 familiae
1050 622 1587 691 illustrabuntur.
2178 706 2184 715 .

400 780 409 787 ·
434 746 795 812 Terminus
825 767 873 831 p
894 744 979 808 ol
998 766 1043 829 y
1060 744 1095 807 f
1106 744 1133 806 i
1149 743 1257 809 du
1277 766 1308 809 s
1336 746 1786 831 vituperatur:
1819 749 1944 815 sed
1965 764 2074 817 eet·
2084 732 2248 820 vere

247 868 780 956 philosophicus
802 892 821 944 ;
864 888 935 929 m
952 865 1121 929 ulti
1140 863 1173 926 f
1184 866 1208 927 i
1227 864 1335 929 du
1350 888 1382 931 s
1413 865 1632 953 longe.
1649 868 1854 937 aliam
1903 874 2246 941 rationem

250 968 614 1081 exprimit3
660 1008 913 1073 nempe
956 986 1027 1049 in
1056 1000 1281 1071 partes
1314 984 1563 1052 multas
1605 987 1932 1056 divisum:
1995 1014 2100 1079 po
2121 996 2242 1079 ly-

245 1110 321 1173 fi
342 1110 391 1174 d
410 1132 461 1175 u
482 1133 516 1175 s
554 1117 781 1173 autem
821 1106 1257 1171 solummodo
1292 1107 1862 1193 irregularitatem
1887 1113 1962 1175 in
1995 1134 2241 1181 nume-

237 1250 322 1296 ro
382 1231 696 1318 partium
746 1228 1072 1315 exprimit
1091 1272 1110 1307 ‚
1146 1248 1347 1313 ,quae
1383 1228 1798 1317 quandoque
1837 1234 2040 1299 etiam
2077 1255 2238 1319 per..

238 1370 519 1439 paucae
556 1372 701 1416 esse
742 1361 1047 1437 possunt.
1108 1348 1223 1413 Sic
1280 1349 1484 1413 etiam
1531 1351 1803 1435 siguum
1847 1354 1932 1435 ο
1953 1354 2034 1435 0
2091 1374 2276 1420 non.

238 1472 769 1537 multitudinem
803 1470 929 1535 sed
962 1488 1229 1535 meram
1262 1468 1833 1555 irregularitatem
1869 1475 1942 1539 in
1989 1497 2234 1543 nume-

234 1612 315 1657 ro
355 1591 644 1657 indicat.

386 1710 936 1780 ›Multitudinem
970 1712 1321 1797 signorum
1355 1712 1890 1795 symbolieomm
1950 1717 2116 1802 (vid.
2155 1722 2225 1785 Τ.

230 1842 283 1901 1.
336 1856 412 1921 p.
471 1834 602 1916 15.)
659 1853 989 1899 excusare
1045 1832 1257 1895 debet
1292 1833 1690 1921 exemplum
1711 1838 1899 1923 tanti
1933 1838 2228 1925 praede-

238 1958 537 2022 cessoris
558 1999 577 2035 ‚
608 1971 615 1978 ·
642 1953 857 2040 qualis
906 1952 1079 2018 Prof.
1130 1958 1231 2018 De
1282 1954 1612 2020 Candolle
1652 1969 1774 2034 est,
1821 1959 1940 2043 qui
1981 1960 2226 2028 eadem

228 2061 501 2164 primus
541 2078 617 2140 in
652 2095 776 2142 suo
826 2075 1201 2156 Syste'mate
1238 2049 1536 2139 naturali
1569 2076 1860 2143 induxit.
1905 2081 2050 2165 Ego
2063 2094 2223 2146 tan-

227 2211 383 2264 tum
421 2197 682 2263 mutavi
718 2197 1154 2280 inconsueta
1198 2193 1780 2277 Calendariorum‚
1827 2211 1897 2264 et
1915 2173 2222 2288 ‘perpau-

232 2339 315 2384 ca
364 2337 547 2383 nova
593 2315 869 2393 addidi,
928 2335 1105 2401 quae
1154 2336 1245 2380 ex
1296 2320 1788 2404 consequentia
1831 2321 2225 2386 necessaria
2273 2333 2282 2346 ’

229 2437 668 2505 videbantur.
732 2439 989 2500 Eorum
1040 2435 1404 2534 utilitatem
1459 2440 2025 2504 commonstrabit
2056 2463 2221 2508 usus

232 2559 309 2622 in
345 2577 715 2644 progressu
749 2556 1003 2641 operis,
1044 2559 1051 2566 '
1083 2591 1091 2601 ι

410 2678 612 2758 Quod
661 2678 1067 2758 varietatum
1126 2677 1678 2761 consignationes
1744 2701 1834 2744 ex
1895 2683 2220 2768 operibus

232 2803 509 2884 Thoryi‚
532 2797 863 2876 Woodeii,
884 2796 1057 2862 Raui
1077 2809 1207 2863 ete.
1227 2797 1364 2860 hue
1381 2797 1742 2864 translatae
1759 2802 1970 2885 genio
1980 2803 2210 2889 philo-

231 2922 521 3007 sophico
573 2920 931 2985 destitutae
982 2917 1137 2995 siut,
1180 2917 1402 2982 viden.
1419 2933 1486 2984 et
1520 2918 1762 2984 doleo:
1809 2923 1936 2986 sed
1972 2924 2098 2989 bas
2140 2925 2218 2990 in

233 3029 992 3110 commodumillorum
1024 3037 1271 3124 adjeci,
1316 3039 1438 3124 qui
1470 3041 1704 3106 hortos
1738 3043 2094 3123 sustinent,
2147 3061 2217 3112 et
2302 3128 2310 3146 x

236 3183 439 3247 saepe
500 3160 892 3249 ingentibus
948 3159 1367 3245 sumptibu8‚
1443 3160 1836 3250 nominibus
1895 3163 2169 3250 decepti
2189 3209 2212 3243 ‚

236 3284 449 3347 Rosas
484 3297 741 3362 emunt,
787 3282 910 3347 abs·
954 3279 1141 3366 quod
1174 3281 1423 3360 sciant,
1470 3281 1720 3368 quibus
1765 3283 2214 3361 relationibus

238 3423 385 3469 sese
427 3403 517 3472 ad
552 3404 715 3473 alias
752 3403 1075 3486 habeant,
1122 3416 1189 3471 et
1220 3403 1390 3492 quid
1423 3403 1510 3470 de
1546 3404 1850 3508 ipearum
1885 3405 2218 3491 dignitate
