2700 3875
2196 327 2289 390 IX

323 479 560 565 potins
604 442 1051 543 Potentillam'
1095 478 1427 562 significat
1442 503 1462 554 3
1526 477 1726 563 calyx
1776 492 1844 542 et
1894 477 2161 565 reliqua
2210 479 2299 546 ab

333 599 658 662 omnibus
699 597 899 685 hujus
943 597 1239 662 familiae
1285 597 1650 684 generibus
1693 599 2040 668 recedunt.

504 723 654 784 Jam
701 740 864 804 ergo
909 739 1160 784 novem
1205 718 1469 784 absolvi
1509 721 1887 805 praesentis
1938 725 2305 810 monogra-

331 841 540 926 phiae
583 861 858 925 genera,
905 853 975 903 et
1018 840 1076 904 si
1115 838 1381 904 favores
1426 819 1762 925 sodalium
1796 840 2138 906 in.Florae
2172 842 2310 907 im-

330 962 530 1048 perio
588 961 1058 1026 ministrorum
1119 981 1314 1026 meae
1386 959 1779 1046 diligentiae
1843 974 1909 1027 et
1953 937 2307 1028 laboribus

335 1081 912 1166 adprobationem
955 1065 1295 1157 tribuent,
1352 1079 1425 1143 in
1452 1095 1817 1166 ,posterum
1860 1081 2137 1148 illorum
2177 1103 2309 1170 po·
2350 1131 2353 1134 -

327 1204 470 1266 tius
519 1214 958 1286 augmentum
999 1199 1329 1286 spondeo,
1378 1213 1444 1264 et
1484 1222 1597 1266 me
1639 1215 1951 1288 paratum
2004 1203 2305 1283 declaro,

329 1322 590 1398 omnia,
637 1334 965 1406 quantum
1008 1321 1157 1388 fieri
1198 1333 1424 1407 potest
1446 1366 1467 1400 ,
1515 1323 1965 1401 emendandi,
2010 1344 2185 1410 quae
2229 1337 2308 1390 ut

325 1465 493 1510 vere
545 1462 868 1520 erronea,
934 1441 1048 1507 vel
1107 1418 1238 1508 fini'
1281 1443 1732 1529 susceptionis
1787 1445 2126 1511 contraria
2180 1443 2306 1509 de-

319 1571 809 1628 monstrentur.
1504 1609 1511 1616 .

505 1685 612 1747 Ad
655 1683 884 1752 dubia.
909 1683 1032 1750 cel.
1077 1685 1248 1748 Dris.
1276 1684 1576 1750 Steudel
1616 1699 1859 1753 contra
1899 1684 2157 1770 Synodi
2199 1685 2306 1770 ip·-

313 1806 470 1869 ·sius
511 1805 804 1869 utilitam
845 1786 988 1890 jain
1047 1825 1375 1890 responsa
1408 1819 1592 1870 *mea
1648 1806 1932 1872 exhibui
1991 1808 2065 1870 in
2134 1805 2302 1870 folio

331 1924 680 2011 singulari,
744 1925 930 2010 quod
960 1879 1210 1992 §tiaris
1243 1941 1433 1992 tomo
1478 1926 1784 2006 seeundo
1828 1927 2027 2015 hujus
2074 1927 2303 2014 operis

318 2045 670 2133 adjectum
714 2046 894 2124 fuit,
920 2047 1156 2145 lingua
1197 2048 1605 2133 germanica.
1668 2053 1816 2114 Jam
1882 2050 2087 2113 etiam
2146 2068 2301 2113 mo·-

315 2168 482 2233 nitis
525 2168 609 2235 in.
640 2170 1044 2253 Repertorio
1088 2168 1392 2235 literario
1420 2170 1655 2235 Beekii
1700 2168 1762 2233 d.
1811 2192 1869 2235 a.
1914 2191 2134 2256 praes.
2179 2190 2294 2235 no.
2351 2162 2355 2167 ’
2430 2219 2441 2234 s

311 2293 539 2374 -10.'p.
585 2306 706 2376 272
751 2324 837 2339 -
881 2288 1026 2391 2765
1089 2289 1645 2357 satisfaciendum
1711 2304 1828 2357 est.
1910 2294 2167 2357 Censor
2226 2293 2295 2355 h.

312 2408 362 2473 1.
411 2410 720 2493 agnoseit
759 2410 1123 2476 utilitatem
1171 2425 1240 2476 et
1269 2413 1672 2499 gravitatem
1707 2413 2180 2500 susceptionis,
2230 2425 2300 2477 et
2400 2440 2407 2445 ·

305 2540 520 2615 quae
543 2531 903 2617 vituperat,
948 2552 1092 2595 non
1131 2532 1278 2600 nisi·
1318 2533 1393 2599 in
1446 2510 1652 2599 finem
1713 2556 2057 2612 summae,
2120 2553 2298 2619 quae

317 2650 619 2737 optanda
663 2664 801 2730 est,
839 2650 1282 2737 perfeetionis
1306 2699 1324 2731 ,
1373 2654 1691 2741 explicat.
1764 2647 1893 2721 P'ro
1958 2653 2300 2741 ejusmodi

315 2770 910 2856 indigitationihu‘s
967 2794 1056 2837 ex
1087 2774 1352 2849 'intima
1410 2789 1643 2841 mente
1672 2765 1675 2772 ’
1704 2778 1951 2861 gratias
2008 2786 2185 2861 ago,
2228 2787 2297 2839 et

305 2913 431 2955 me
477 2892 565 2957 ad
609 2903 848 2961 omnes
892 2894 1405 2962 emendationes
1465 2896 1915 2983 perficiendas
1980 2910 2296 2983 paratum

313 3013 583 3079 sineere
628 3016 874 3079 iterum
921 3017 1304 3104 iterumque
1370 3017 1670 3085 declaro.
1750 3020 1985 3085 Liceat
2038 3017 2297 3092 nihilo.-

307 3134 542 3201 minus
585 3138 884 3203 rationes
927 3136 1244 3220 reddere,
1295 3161 1469 3227 quae
1512 3164 1627 3207 me
1674 3161 1755 3209 eo
1806 3142 2173 3228 duxerunt,
2218 3152 2296 3203 ut

311 3256 652 3340 quaedam
711 3260 999 3341 inirem,
1077 3282 1252 3350 quae
1313 3262 1671 3354 praeclaro
1730 3263 2005 3337 censori
2064 3260 2293 3347 minue
2350 3247 2357 3255 ’

315 3391 506 3445 recta
553 3379 906 3451 videntur!
991 3396 998 3407 '
